@article{Nun16,
title = {Adapting to a Changing Environment: Modeling the Interaction of Directional Selection and Plasticity},
doi = {https://doi.org/10.1093/jhered/esv084},
url = {https://academic.oup.com/jhered/article/107/1/15/2622833},
author = {Leonard Nunney},
}

